@ARTICLE{5233608,
author={Sotomayor, B. and Montero, R.S. and Llorente, I.M. and Foster, I.},
journal={Internet Computing, IEEE},
title={Virtual Infrastructure Management in Private and Hybrid Clouds},
year={2009},
month={sept.-oct. },
volume={13},
number={5},
pages={14 -22},
keywords={Haizea;OpenNebula;data center management software;hybrid clouds;infrastructure-as-a-service system;open source virtual infrastructure manager;private clouds;resource lease manager;scheduling;virtual infrastructure management;virtual machines;computer centres;public domain software;scheduling;virtual machines;},
doi={10.1109/MIC.2009.119},
ISSN={1089-7801},}


@INPROCEEDINGS{4498282,
author={Minhas, U.F. and Yadav, J. and Aboulnaga, A. and Salem, K.},
booktitle={Data Engineering Workshop, 2008. ICDEW 2008. IEEE 24th International Conference on},
title={Database systems on virtual machines: How much do you lose?},
year={2008},
month={april},
volume={},
number={},
pages={35 -41},
keywords={self-managing database system;virtual machine;virtualization manageability;database management systems;virtual machines;},
doi={10.1109/ICDEW.2008.4498282},
ISSN={},}

@techreport{instance1290,
     title = {{Database Consolidation onto Private Clouds}},
     author = {Nitin Vengurlekar},
     year = {2011},
     institution = {Oracle Corporation},
     month = {February}
}


@inproceedings{Soror:2008:AVM:1376616.1376711-OLD,
 author = {Soror, Ahmed A. and Minhas, Umar Farooq and Aboulnaga, Ashraf and Salem, Kenneth and Kokosielis, Peter and Kamath, Sunil},
 title = {Automatic virtual machine configuration for database workloads},
 booktitle = {Proceedings of the 2008 ACM SIGMOD international conference on Management of data},
 series = {SIGMOD '08},
 year = {2008},
 isbn = {978-1-60558-102-6},
 location = {Vancouver, Canada},
 pages = {953--966},
 numpages = {14},
 url = {http://doi.acm.org/10.1145/1376616.1376711},
 doi = {http://doi.acm.org/10.1145/1376616.1376711},
 acmid = {1376711},
 publisher = {ACM},
 address = {New York, NY, USA},
 keywords = {resource consolidation, virtual machine configuration, virtualization},
} 
@article{Soror:2008:AVM:1376616.1376711,
  author    = {Ahmed A. Soror and
               Umar Farooq Minhas and
               Ashraf Aboulnaga and
               Kenneth Salem and
               Peter Kokosielis and
               Sunil Kamath},
  title     = {Automatic virtual machine configuration for database workloads},
  journal   = {ACM Trans. Database Syst.},
  volume    = {35},
  number    = {1},
  year      = {2010},
  ee        = {http://doi.acm.org/10.1145/1670243.1670250},
  bibsource = {DBLP, http://dblp.uni-trier.de}
}


%article{DBLP:journals/tods/SororMASKK10,
  author    = {Ahmed A. Soror and
               Umar Farooq Minhas and
               Ashraf Aboulnaga and
               Kenneth Salem and
               Peter Kokosielis and
               Sunil Kamath},
  title     = {Automatic virtual machine configuration for database workloads},
  journal   = {ACM Trans. Database Syst.},
  volume    = {35},
  number    = {1},
  year      = {2010},
  ee        = {http://doi.acm.org/10.1145/1670243.1670250},
  bibsource = {DBLP, http://dblp.uni-trier.de}
}




@TECHREPORT{Armbrust09abovethe,
    author = {Michael Armbrust and Armando Fox and Rean Griffith and Anthony D. Joseph and Randy H. Katz and Andrew Konwinski and Gunho Lee and David A. Patterson and Ariel Rabkin and Matei Zaharia},
    title = {Above the Clouds: A Berkeley View of Cloud Computing},
    institution = {},
    year = {2009}
}


@inproceedings{Curino:2011:WDM:1989323.1989357,
 author = {Curino, Carlo and Jones, Evan P.C. and Madden, Samuel and Balakrishnan, Hari},
 title = {Workload-aware database monitoring and consolidation},
 booktitle = {Proceedings of the 2011 international conference on Management of data},
 series = {SIGMOD '11},
 year = {2011},
 isbn = {978-1-4503-0661-4},
 location = {Athens, Greece},
 pages = {313--324},
 numpages = {12},
 url = {http://doi.acm.org/10.1145/1989323.1989357},
 doi = {http://doi.acm.org/10.1145/1989323.1989357},
 acmid = {1989357},
 publisher = {ACM},
 address = {New York, NY, USA},
 keywords = {consolidation, multi-tenant databases},
} 

@article {springerlink:10.1007/s13222-010-0033-3,
   author = {Kossmann, Donald and Kraska, Tim},
   affiliation = {Systems Group, ETH Zurich, 8092 Zurich, Switzerland},
   title = {Data Management in the Cloud: Promises, State-of-the-art, and Open Questions},
   journal = {Datenbank-Spektrum},
   publisher = {Springer Berlin / Heidelberg},
   issn = {1618-2162},
   keyword = {Computer Science},
   pages = {121-129},
   volume = {10},
   issue = {3},
   url = {http://dx.doi.org/10.1007/s13222-010-0033-3},
   note = {10.1007/s13222-010-0033-3},
   year = {2010}
}


@INPROCEEDINGS{4401021,
author={Soror, A.A. and Aboulnaga, A. and Salem, K.},
booktitle={Data Engineering Workshop, 2007 IEEE 23rd International Conference on},
title={Database Virtualization: A New Frontier for Database Tuning and Physical Design},
year={2007},
month={april},
volume={},
number={},
pages={388 -394},
keywords={database systems;database tuning;database virtualization;query optimizer;resource allocation;tuning knobs;tuning problems;virtual machines;database management systems;resource allocation;virtual machines;},
doi={10.1109/ICDEW.2007.4401021},
ISSN={},}

@inproceedings{Soundararajan:2009:DRA:1525908.1525914,
 author = {Soundararajan, Gokul and Lupei, Daniel and Ghanbari, Saeed and Popescu, Adrian Daniel and Chen, Jin and Amza, Cristiana},
 title = {Dynamic resource allocation for database servers running on virtual storage},
 booktitle = {Proccedings of the 7th conference on File and storage technologies},
 series = {FAST '09},
 year = {2009},
 location = {San Francisco, California},
 pages = {71--84},
 numpages = {14},
 url = {http://dl.acm.org/citation.cfm?id=1525908.1525914},
 acmid = {1525914},
 publisher = {USENIX Association},
 address = {Berkeley, CA, USA},
} 

@article{Mackert:1989:ISU:68012.68016,
 author = {Mackert, Lothar F. and Lohman, Guy M.},
 title = {Index scans using a finite LRU buffer: a validated I/O model},
 journal = {ACM Trans. Database Syst.},
 issue_date = {Sept. 1989},
 volume = {14},
 number = {3},
 month = sep,
 year = {1989},
 issn = {0362-5915},
 pages = {401--424},
 numpages = {24},
 url = {http://doi.acm.org/10.1145/68012.68016},
 doi = {10.1145/68012.68016},
 acmid = {68016},
 publisher = {ACM},
 address = {New York, NY, USA},
} 


@inproceedings{Storm:2006:ASM:1182635.1164220,
 author = {Storm, Adam J. and Garcia-Arellano, Christian and Lightstone, Sam S. and Diao, Yixin and Surendra, M.},
 title = {Adaptive self-tuning memory in DB2},
 booktitle = {Proceedings of the 32nd international conference on Very large data bases},
 series = {VLDB '06},
 year = {2006},
 location = {Seoul, Korea},
 pages = {1081--1092},
 numpages = {12},
 url = {http://dl.acm.org/citation.cfm?id=1182635.1164220},
 acmid = {1164220},
 publisher = {VLDB Endowment},
} 

@incollection {springerlink:10.1007/3-540-44469-6_9,
   author = {Martin, Patrick and Li, Hoi-Ying and Zheng, Min and Romanufa, Keri and Powley, Wendy},
   affiliation = {Queen’s University Department of Computing and Information Science Kingston Ontario Canada K7L 3N6},
   title = {Dynamic Reconfiguration Algorithm: Dynamically Tuning Multiple Buffer Pools},
   booktitle = {Database and Expert Systems Applications},
   series = {Lecture Notes in Computer Science},
   editor = {Ibrahim, Mohamed and Küng, Josef and Revell, Norman},
   publisher = {Springer Berlin / Heidelberg},
   isbn = {978-3-540-67978-3},
   keyword = {Computer Science},
   pages = {92-101},
   volume = {1873},
   url = {http://dx.doi.org/10.1007/3-540-44469-6\_9},
   note = {10.1007/3-540-44469-6\_9},

   year = {2000}
}


@INPROCEEDINGS{ dias:automatic,
AUTHOR = "Karl Dias and Mark Ramacher and Uri Shaft and Venkateshwaran Venkataramani and Graham Wood",
TITLE = "Automatic Performance Diagnosis and Tuning in Oracle",
BOOKTITLE = "CIDR'05",
PAGES = {84-94},
YEAR = {2005}, 
}

@INPROCEEDINGS{6127969,
author={Guan Tong and Hai Jin and Xia Xie and Wenzhi Cao and Pingpeng Yuan},
booktitle={Services Computing Conference (APSCC), 2011 IEEE Asia-Pacific}, title={Measuring and Analyzing CPU Overhead of Virtualization System},
year={2011},
month={dec.},
volume={},
number={},
pages={243 -250},
keywords={CPU overhead analysis;multiple virtual machine;operation system;physical computing resource utilization;virtualization system;multiprocessing systems;resource allocation;virtual machines;virtualisation;},
doi={10.1109/APSCC.2011.40},
ISSN={},}
